@book{Aliev,
	author = {Алиев Т.И.},
	title  = {Основы моделирования дискретных систем},
	year   = {2009},
	publisher = {-- СПб.: СПбГУ ИТМО},
	pages = {363 c.}
}

@book{Vagesna,
	author = {Вегешна Ш.},
	title = {Качество обслуживания в сетях IP},
	year = {2003},
	publisher = {М.: Издательский дом Вильямс},
	note = {- 368 c.}
}

@book{tcpip,
	title = {TCP/IP Architecture, Design, and Implementation in Linux},
	author = {Sameer Seth},
	year   = {2008},
	publisher = {/ Sameer Seth, M. Ajaykumar Venkatesulu -- Wiley-IEEE Computer Society Press},
	note = {-- 772 p.}
}

@book{lartc,
	author = {Bert Hubert},
	title = {Linux Advanced Routing and Traffic Control, 2012},
	note = {[Электронный ресурс] -- Режим доступа: \url{lartc.org/lartc.pdf} (дата обращения 19.03.2018)}
}

@misc{suppdiff,
	author = {Chuck Semeria},
	title = {Supporting Differentiated Service Classes, 2001},
	note = {[Электронный ресурс] // Режим доступа: \url{https://pdfs.semanticscholar.org/dd1f/27c4b1e0b5395d67520e65737c9835a7bced.pdf} (дата обращения 30.03.2018)}
}

@misc{packethandling,
	author = "Davide Astuti",
	title = "Packet Handling",
	note = {// Seminar on Transport of Multimedia Streams in Wireless Internet, 2003}
}

@misc{linksharing,
	author = {Sally Floyd, Van Jacobson},
	title = {Link-sharing and Resource Management Models for Packet Networks},
	note = {// IEEE/ACM Transactions on Networking, Vol. 3 No. 4, 1995}
}

@misc{htb,
	author = {Martin Devera},
	title = {HTB Linux queuing discipline manual - user guide, 2002},
	note = {[Электронный ресурс] Режим доступа: \url{http://luxik.cdi.cz/~devik/qos/htb/manual/userg.htm} (дата обращения 21.04.2018)}
}

@misc{hfsc,
	title = {A Hierarchical Fair Service Curve Algorithm for Link-Sharing, Real-Time and Priority Service, 1997},
	author = {Ion Stoica, Hui Zhang, T.S. Eugene Ng},
	note = { [Электронный ресурс] -- Режим доступа: \url{https://www.trash.net/~kaber/hfsc/SIGCOM97.pdf } (дата обращения 13.03.2018) }
}

@misc{ciscoguide,
	note = {Cisco IOS Quality of Service Solutions Configuration Guide, Release 12.2  [Электронный ресурс] -- 2009. -- Режим доступа: \url{https://www.cisco.com/c/en/us/td/docs/ios/qos/configuration/guide/12_2sr/qos_12_2sr_book.pdf} (дата обращения 18.04.2018)}
}

@misc{hfscguide,
	title = {Linux-tc-notes. Notes on the Linux Traffic Control Engine, 2014},
	note = {[Электронный ресурс] -- Режим доступа: \url{http://linux-tc-notes.sourceforge.net/tc/doc/sch_hfsc.txt} (дата обращения 23.03.2018)}
}

@misc{wfqdrop,
	title = {Quality of Service, Part 10 – Weighted Fair Queuing, 2010},
	note = {[Электронный ресурс] -- Режим доступа: \url{http://blog.globalknowledge.com/2010/02/12/quality-of-service-part-10-weighted-fair-queuing/} (дата обращения 04.03.2018)}
}

@misc{wfqdis,
	author = {Aaron Blachunas},
	title = {QoS and Queueing, 2010},
	note  = {[Электронный ресурс] -- Режим доступа: \url{http://www.routeralley.com/guides/qos_queuing.pdf} (дата обращения 09.04.2018)}
}

@misc{pgps,
	title = {A generalized processor sharing approach to flow control in integrated services networks: The single-node case},
	author = {Abhay K. Parekh},
	note = {/ Abhay K. Parekh, Robert G. Gallager // IEEE/ACM Transactions on Networking, Vol. 1, No. 3, 1993}
}

@misc{wfqimpl,
	author = {Ian Marsh},
	title = {Implementation of Weighted Fair Queueing including RSVP in a BSD kernel, 1997},
	note  = {[Электронный ресурс] -- Режим доступа: \url{https://sicstus.sics.se/~ianm/WFQ/wfq_descrip.pdf} (дата обращения 09.04.2018)}
}

@misc{trafficctl,
	author = {Иван Песин},
	title = {Повесть о Linux и управлении трафиком, 2003},
	note  = {[Электронный ресурс] -- Режим доступа: \url{http://computerlib.narod.ru/html/traffic.htm} (дата обращения 10.04.2018)}
}

@misc{tcprio,
	author = {Alexey N. Kuznetsov},
	title = {tc-prio (8)},
	note = {[Электронный ресурс] // Linux Man Pages -- Режим доступа: \url{https://www.systutorials.com/docs/linux/man/8-tc-prio/} (дата обращения 10.04.2018)}
}

@misc{tccbq,
	author = {Alexey N. Kuznetsov},
	title = {tc-cbq (8)},
	note = {[Электронный ресурс] // Linux Man Pages -- Режим доступа: \url{https://www.systutorials.com/docs/linux/man/8-tc-cbq/} (дата обращения 10.04.2018)}
}

@misc{tchfsc,
	author = {Michal Soltys},
	title = {tc-hfsc (7)},
	note = {[Электронный ресурс] // Linux Man Pages -- Режим доступа: \url{https://www.systutorials.com/docs/linux/man/7-tc-hfsc/} (дата обращения 11.04.2018)}
}

@misc{tchtb,
	author = {Martin Devera},
	title = {tc-htb (8)},
	note = {[Электронный ресурс] // Linux Man Pages -- Режим доступа: \url{https://www.systutorials.com/docs/linux/man/8-tc-htb/} (дата обращения 11.04.2018)}
}
